1857 3088
359 250 396 286 Vl
669 262 935 288 PRAEMONlTUM
967 263 1374 288 LEPIDOPI'EROPHILIS.

356 341 525 383 admovi
543 362 551 391 ;
571 342 686 384 unde
707 342 815 384 illud
830 343 994 384 GENEuA
1016 359 1100 385 non
1122 348 1364 386 universam
1382 360 1484 384 meae
1502 345 1692 386 methodi

357 418 568 456 rationem
591 415 790 463 exhibet,
832 417 904 458 sed
933 425 1130 474 excerpta
1157 416 1377 475 quaedam,
1407 417 1568 474 quibus
1599 419 1692 459 Eu-

354 503 501 544 ropaeae
514 487 727 529 duntaxat
740 491 901 547 species
913 497 1169 530 tractantur.

414 560 568 616 Itaque
585 575 737 601 eorum
756 576 881 602 causa
904 563 981 618 qui
998 595 1005 609 ,
1027 563 1133 602 citra
1157 561 1263 602 alias
1282 596 1289 607 ‚
1315 565 1359 602 in
1378 562 1535 603 harum
1552 561 1696 603 studio

354 635 629 690 potissimum
664 642 908 685 versantur,
944 633 1203 691 opusculum
1234 633 1343 675 illud
1371 636 1581 692 scriptum
1615 643 1693 676 est.

414 704 724 763 Quodquidem
739 739 749 758 ,
794 704 893 747 licet
926 713 1057 748 tenue
1096 715 1138 747 et
1184 710 1390 765 exiguum
1428 710 1484 748 sit
1499 742 1511 762 ,
1553 711 1697 749 nescio

354 794 435 830 an,
463 777 612 820 multis
643 779 841 835 partibus
870 778 1173 835 imperfectum
1198 795 1288 821 esse
1316 779 1532 832 videatur,
1554 780 1652 838 plus
1673 798 1696 821 a

355 865 423 890 me
445 851 651 907 temporis
674 858 716 890 et
734 852 1078 907 investigationis
1096 850 1335 907 postulavit
1358 868 1490 909 quam
1503 851 1592 894 duo
1609 855 1694 894 mei

355 922 528 980 Species
568 921 768 964 Ge'ne'ral
803 922 1038 964 volumina.
1078 922 1315 965 Enimvero
1347 927 1694 982 uniuscujusque

355 998 533 1053 speciei,
558 994 676 1053 apud
696 1011 843 1037 omnes
862 1003 1057 1037 auctores
1079 998 1157 1054 qui
1183 1011 1278 1037 eam
1297 997 1437 1038 verbis
1461 1005 1537 1038 aut
1557 997 1695 1054 figura

356 1077 659 1125 expresserunt
675 1103 683 1118 ‚
728 1069 919 1126 singulos
955 1068 1132 1111 habitus
1176 1071 1344 1127 inspexi
1385 1078 1426 1111 et
1460 1070 1515 1111 ad
1547 1086 1695 1112 eorum

356 1140 486 1183 fidem
505 1142 798 1199 comprobavi,
822 1157 911 1200 quo
937 1145 1127 1184 exactius
1151 1149 1194 1184 et
1219 1145 1481 1199 exquisitius
1506 1159 1600 1184 eam
1622 1160 1698 1201 per

355 1230 595 1273 synonyma
616 1231 694 1257 sua
714 1215 911 1258 ducendo
928 1231 1142 1273 exponere
1163 1230 1346 1272 possem.

412 1288 609 1331 Vetustis
638 1288 817 1347 quidem
848 1297 892 1330 et
919 1288 1093 1330 exoletae
1125 1292 1219 1345 jam
1253 1292 1472 1330 memoriae
1501 1292 1694 1331 nomini-

353 1361 436 1402 bus
466 1360 682 1414 abstinui,
706 1361 869 1419 quibus
895 1363 1057 1418 species
1084 1361 1212 1418 plane
1243 1369 1356 1403 notae
1382 1361 1693 1419 designantur3

354 1448 506 1475 eorum
526 1449 627 1476 vero
649 1449 764 1492 quae,
785 1450 925 1492 nuper
944 1442 1110 1487 creata,
1143 1449 1285 1492 nuper
1315 1442 1508 1492 repertas
1535 1437 1697 1491 species

355 1506 606 1564 designant,
636 1507 808 1549 nullum
827 1507 1021 1565 neglexi,
1052 1522 1104 1549 eo
1133 1506 1253 1564 quod
1281 1509 1474 1564 primum
1504 1515 1697 1564 tempore

355 1587 470 1628 erat,
494 1588 715 1638 assumpto
742 1596 910 1638 semper
937 1588 979 1622 et
1000 1588 1225 1638 usurpato.

411 1651 620 1693 Junctum
647 1651 755 1693 mihi
772 1654 1079 1694 commercium
1105 1668 1205 1694 cum
1233 1651 1553 1711 probatissimis
1579 1652 1696 1709 apud

356 1724 594 1767 Germanos
621 1724 924 1782 entomologi53
953 1724 999 1766 id
1024 1724 1174 1766 attulit
1201 1732 1250 1766 ut
1271 1741 1321 1766 ex
1346 1727 1443 1767 visu
1464 1740 1695 1783 cognosce-

355 1813 447 1839 rem
462 1796 693 1856 plerasque
713 1800 881 1856 typicas
899 1801 1060 1856 species
1075 1814 1099 1840 a
1116 1798 1363 1841 clarissimis
1376 1800 1482 1840 viris
1497 1798 1697 1840 Ochsen—‘

354 1869 822 1924 heimer,Treitschke,
840 1871 1037 1924 Hubner,
1056 1873 1235 1929 Freyer‚
1259 1878 1340 1912 etc.
1352 1903 1362 1923 ,
1380 1869 1615 1927 descriptas
1631 1870 1695 1912 vel

354 1942 585 2000 figuratas,
624 1952 702 1986 aut
733 1960 758 1986 a
792 1944 910 1986 D.D.
944 1944 1084 1993 Dahl‚
1124 1945 1331 2002 Parreys,
1366 1943 1692 1991 Kindermann,

354 2015 646 2075 Frimldjsky,
679 2025 779 2065 etc„
811 2026 1017 2076 repertas.
1052 2017 1179 2060 Sueci
1207 2016 1469 2074 entomologi
1488 2017 1696 2074 plurimas

355 2092 615 2132 arcticarum
630 2093 857 2147 regionum
874 2093 1035 2149 species
1046 2090 1154 2132 mihi
1174 2088 1372 2132 visendas
1390 2089 1691 2148 praebuerunt3

355 2170 398 2203 et
415 2162 487 2204 ille
503 2162 743 2206 indefessus
756 2162 1034 2222 Anderregg,
1057 2166 1128 2206 cui
1153 2163 1309 2205 debere
1328 2179 1372 2205 se
1396 2161 1599 2221 praedicat
1616 2177 1693 2203 en-

358 2234 587 2293 tomologia
623 2243 689 2278 tot
710 2252 841 2279 novas
872 2240 1064 2296 species,
1091 2243 1168 2278 aut
1199 2245 1315 2278 certe
1345 2251 1433 2277 non
1468 2234 1691 2292 vulgares,

356 2307 409 2348 ab
428 2305 503 2349 illo
523 2310 569 2349 in
587 2308 757 2352 Valesia
780 2313 996 2364 inventas,
1019 2309 1073 2351 ad
1097 2309 1385 2369 plurimarum
1398 2323 1466 2349 me
1485 2309 1696 2364 cognitio-

357 2395 456 2422 nem
476 2380 677 2436 admisit,
699 2383 860 2440 quihus
882 2391 999 2425 caret
1017 2399 1141 2425 meus
1159 2381 1292 2424 Index
1316 2379 1593 2424 Methodicus
1611 2412 1621 2430 ,
1654 2385 1696 2419 et

357 2457 466 2496 circa
480 2457 640 2513 primas
652 2455 825 2497 illarum
838 2456 1012 2498 habitus
1026 2458 1190 2514 optima
1204 2454 1311 2497 mihi
1324 2454 1580 2496 documenta
1595 2451 1697 2493 sub—

362 2529 638 2571 ministravit.
657 2527 883 2570 Gallorum
899 2544 1075 2586 quoque
1092 2527 1478 2585 Entomologorum
1495 2560 1502 2574 ,
1533 2525 1691 2567 officio-
