1857 3088
569 535 1016 603 NOCTUAE.

132 707 292 738 veterum
315 710 490 736 auctorum
521 701 682 739 Not-tuce,
710 713 818 733 unum
840 700 972 742 aliquid
989 699 1160 731 efficiunt.
1183 699 1350 731 cohaerens
1380 701 1464 732 illud

171 764 270 798 atque
287 762 513 798 compactum,
527 755 620 796 quod
638 755 811 797 aegerrime
829 753 1013 789 dividatur,
1033 763 1092 784 seu
1105 763 1166 794 pro
1186 752 1258 784 basi
1275 758 1466 784 statuantur

170 808 475 851 metamorphoses,
510 819 568 839 seu
595 808 668 849 quis
697 807 902 839 characteres
927 818 966 838 ex
991 806 1120 838 insecto
1141 806 1289 848 perfecto
1319 806 1464 838 duxerit.

171 862 301 904 Species
325 867 439 892 autem
461 861 498 891 in
522 860 721 891 continuam
745 860 865 891 seriem
889 864 922 890 et
943 858 1045 900 plane
1070 864 1197 890 naturae
1220 866 1464 901 congruentem

171 916 332 958 digerere,
353 913 490 956 majoris
509 913 611 944 etiam
630 918 679 944 est
698 911 921 947 difficultatis,
943 923 1049 952 quum
1074 911 1110 943 in
1140 911 1192 943 his
1216 912 1378 954 praecipue
1403 924 1464 942 na-

171 974 245 998 tura
268 971 392 997 rectam
411 964 538 996 lineam
552 975 681 1007 egressa
695 989 703 1000 ‚
722 970 755 995 et
768 963 988 995 irradiatione
1002 974 1061 995 usa
1079 963 1246 995 videatur.

130 1047 226 1078 Intra
245 1046 306 1078 bos
325 1046 495 1088 proximos
514 1056 631 1081 1111105,
651 1044 687 1075 111
707 1044 911 1080 Germania,
933 1044 970 1074 in
990 1042 1121 1080 Gallia,
1143 1043 1180 1074 in
1199 1044 1342 1087 Angli-a.
1359 1045 1467 1076 multa

171 1110 288 1131 earum
306 1098 432 1129 Genera
449 1096 597 1129 conflata
610 1102 700 1127 sunt.
713 1096 856 1133 Verum,
873 1095 987 1137 paucis
995 1095 1151 1138 exceptis,
1170 1095 1267 1128 nullo
1279 1095 1467 1129 charactere

172 1151 231 1182 illa
247 1155 401 1182 constant
419 1149 478 1190 qui
496 1154 585 1180 certa
599 1147 668 1179 fide
682 1147 838 1179 stabilem
856 1158 890 1178 se
909 1146 1047 1185 habeat3
1068 1158 1172 1189 quare
1194 1147 1263 1179 alia
1280 1147 1341 1179 alii
1357 1149 1468 1191 potius

174 1203 288 1246 generi
306 1202 431 1245 species
451 1200 675 1238 adscribatur
693 1211 765 1232 non
788 1210 921 1241 semper
945 1199 1044 1232 facile
1062 1201 1147 1233 ratio
1166 1200 1321 1232 occurrit.
1349 1201 1469 1242 Itaque

174 1267 212 1287 ea
240 1267 312 1297 quae
336 1254 576 1296 assumpsimus
595 1251 742 1290 Genera,
762 1251 952 1293 quibusque
972 1252 1142 1284 nonnulla
1163 1263 1253 1285 nova
1276 1253 1470 1285 addidimus

176 1307 282 1339 1111111
301 1308 393 1340 enim
413 1313 462 1338 est
480 1306 651 1343 medium,
682 1311 740 1336 aut
756 1304 905 1346 plurima
927 1315 997 1336 esse
1023 1305 1150 1337 debent
1169 1311 1228 1336 aut
1244 1304 1314 1337 fere
1331 1305 1467 1341 nulla)

175 1372 252 1392 xero
286 1359 452 1392 vocabulo
481 1364 616 1390 tantum
636 1367 752 1400 greg&
779 1368 862 1398 quos
894 1357 1093 1388 nominibus
1114 1357 1378 1400 designavimus.
1405 1359 1470 1390 Eas

174 1413 296 1454 species
323 1411 476 1444 conferre
510 1409 717 1446 studuimus,
748 1409 839 1450 apud
865 1420 948 1450 quas
973 1409 1098 1441 similes
1123 1416 1307 1441 cernuntur
1333 1410 1469 1442 charac-

174 1471 276 1501 terae‚
297 1470 370 1495 tum
393 1463 431 1494 in
452 1463 565 1505 primo
580 1473 698 1494 earum
722 1461 843 1492 habitu
857 1487 864 1494 .
885 1467 959 1493 tum
983 1467 1160 1504 postquam
1178 1461 1324 1504 perfecta
1342 1462 1470 1495 insecta

175 1522 371 1548 evaserunt:
395 1515 543 1556 denique
562 1525 600 1546 ea
620 1526 692 1556 quae
710 1513 904 1546 vocavimus
935 1514 1063 1545 Genera
1085 1515 1134 1547 sic
1158 1515 1400 1558 disposuimus.
1426 1527 1470 1548 ne

175 1568 258 1610 qnid
277 1568 461 1600 absurdum
482 1573 585 1604 esset,
607 1567 655 1598 ita
675 1572 712 1598 ut
737 1567 1025 1608 unumquodque,
1054 1578 1158 1608 quam
1176 1568 1325 1600 maxime
1340 1574 1468 1611 potest,

175 1620 337 1662 superiori
349 1627 407 1652 aut
420 1619 638 1662 subsequenti
651 1619 850 1662 contiguum
865 1624 996 1650 enstat.
1013 1618 1182 1651 Posterius
1201 1619 1293 1653 vero.
1312 1632 1418 1662 quum
1434 1621 1470 1652 in

175 1672 333 1703 notitiam
360 1672 516 1703 venerint
543 1670 831 1712 metamorphos&
854 1682 936 1712 quas
962 1671 1139 1712 patiuntur
1163 1673 1289 1714 species
1312 1674 1468 1705 exoticae

175 1723 250 1755 fieri
266 1730 376 1766 potest
399 1730 437 1755 ut
460 1724 498 1755 in
521 1735 674 1766 magnum
700 1735 802 1766 genus
828 1722 1033 1755 ᾒΟΕΤίΑ
1061 1723 1193 1756 Linnaei
1222 1736 1334 1757 rursus
1358 1725 1470 1767 aliqua

172 1783 266 1819 parte
278 1777 474 1809 inclinetur.
493 1776 594 1818 Quod
610 1776 735 1818 pariter
759 1775 936 1806 Geomecrae
951 1776 1015 1807 sibi
1028 1776 1213 1811 vindicent.
1231 1777 1369 1820 aliaeque
1381 1789 1470 1810 non-

175 1832 275 1864 nulla:
294 1833 446 1870 familiae,
463 1844 544 1875 quas
560 1833 658 1865 certis
677 1830 858 1875 generibus
874 1830 1027 1864 dividere
1039 1842 1111 1863 non
1130 1832 1239 1874 magis
1257 1832 1292 1864 in
1310 1837 1470 1875 promptu

178 1895 245 1916 esse
269 1884 469 1925 judicamus.
