1857 3088
659 270 936 307 coctioponlzs.
1425 267 1473 306 81

277 442 451 486 XXIII.
480 442 695 488 TRIBUS
730 443 1156 503 COCLIOPODES,
1186 450 1348 496 Boisd.

625 521 851 573 Amendae,
877 520 1017 575 Steph.

150 627 261 658 Larvae
273 627 467 670 singulares,
477 629 647 671 depressae,
658 630 870 669 abbreviatae,
886 631 1136 672 limaciformes,
1147 633 1416 675 scutelliformes‚
1432 638 1485 670 vel

192 680 495 719 testudiniformes,
513 682 568 714 vix
589 683 670 714 alias
698 695 812 716 erucas
840 684 1033 723 referentes,
1065 685 1198 718 muticae
1223 687 1277 719 vel
1306 687 1488 722 lateraliter

193 733 454 777 appendiculatae
469 759 476 772 ,
495 733 616 777 glabrae
636 735 689 767 vel
715 736 960 778 sub-pilosulae.
975 755 1018 760 —
1031 736 1164 780 Lingua
1191 737 1400 771 brevissima.
1417 742 1487 774 An-

190 794 300 818 tennae
316 785 416 817 maris
438 785 695 828 sub-pectinatam
722 789 776 821 vel
794 788 1227 822 sub-dentato-filiformes.
1244 791 1315 823 Alae
1335 791 1485 825 dessexae.

192 840 324 870 Statura
343 837 454 869 media
472 838 525 870 vel
541 850 653 880 parva.

149 892 277 924 Insecta
289 891 389 936 hujus
408 892 514 924 tribus
530 891 565 923 in
584 892 716 934 Europa
741 892 955 934 paucissima,
975 893 1162 935 frequentia
1184 905 1262 927 vero
1282 896 1317 927 in
1335 897 1487 929 America

190 944 455 986 septentrionali.

351 1144 376 1163 1.
399 1132 549 1165 GENUS
576 1131 860 1169 LIMACODES,
884 1132 992 1168 Latin.
1017 1132 1152 1170 Boisd.,
1175 1133 1275 1175 steph

534 1183 760 1226 Ileterogenea
777 1208 784 1219 ‚
809 1183 927 1216 Knoch
939 1210 947 1222 ‚
964 1184 1087 1217 Treits.

151 1286 263 1315 Larvae
294 1280 568 1317 scutelliformes,
589 1278 730 1321 pedibus
758 1279 1034 1317 membranaceis,
1058 1278 1257 1312 sub-nullis.
1284 1280 1308 1312 F
1312 1280 1488 1315 Olliculurn

193 1335 509 1370 membranaceum,
532 1332 698 1364 oviforme
711 1357 718 1370 ‚
737 1331 791 1363 vel
808 1331 1159 1375 globuloso-ovatum.
1177 1332 1391 1365 —Antennae
1411 1334 1487 1366 lon-

193 1389 312 1432 giores,
326 1387 427 1418 maris
442 1385 624 1421 crassiores,
635 1384 794 1421 (lentatae3
808 1383 940 1415 feminae
954 1383 1131 1417 filiforrnes
1146 1384 1199 1417 vel
1212 1384 1341 1416 ciliatae.
1354 1386 1489 1430 Lingua

192 1439 375 1472 sub-nulla.
394 1437 486 1479 Palpi
502 1437 631 1474 breves,
650 1436 747 1474 recti,
769 1435 921 1479 contigui
936 1461 942 1474 ,
959 1435 1102 1468 minime
1119 1437 1333 1469 ascendentes
1349 1462 1355 1473 ,
1377 1437 1489 1470 fronte

193 1493 247 1524 vix
264 1491 445 1535 longiores.
463 1490 591 1532 Corpus
610 1494 660 1521 sat
672 1489 860 1527 robustum,
875 1488 1034 1531 pilosum.
1061 1488 1130 1521 Alae
1149 1489 1277 1527 breves,
1298 1489 1433 1523 latiores
1452 1502 1490 1522 ae

194 1544 411 1578 robustiores.

185 1649 340 1686 Annus,
368 1647 421 1685 F„
449 1646 508 1685 G„
530 1646 556 1677 Β
564 1668 896 1677 ..........
934 1622 1162 1699 {gssi-ssiss'niaj
1193 1648 1199 1654 ·
1229 1648 1235 1653 ·
1297 1624 1403 1656 Junii-

62 1696 126 1738 63⁴²
186 1713 314 1751 Asella,
337 1711 462 1744 Borkh.

185 1758 297 1791 Tortr.
318 1755 494 1793 Asellana,
512 1754 557 1786 H.

184 1837 335 1870 Tsssrtmo
349 1860 356 1873 ‚
374 1834 432 1872 G„
454 1833 480 1866 B
487 1857 893 1864 ............
956 1831 1068 1873 Europ
1075 1856 1230 1863 .....
1292 1830 1400 1864 Junii.

190 1886 222 1919 ἅ·
247 1879 333 1911 Rufo
347 1904 354 1916 ‚
376 1879 417 1910 F.

197 1929 215 1961 9
242 1922 391 1956 Testudo
405 1947 412 1961 ,
430 1922 470 1954 F.

64 1948 128 1991 643
186 1967 403 2004 Limacodes,
425 1966 502 2007 Esp.

188 2011 321 2047 Liniax‚
344 2009 468 2041 Borkh.

187 2055 299 2086 Tortr.
314 2053 561 2090 Testudinana,
581 2052 624 2084 H.

151 2133 251 2164 Nota.
279 2131 361 2163 Duae
377 2136 511 2163 tantum
526 2130 649 2172 species
668 2141 708 2162 ex
724 2130 856 2172 Europa
870 2155 877 2168 ‚
893 2141 931 2161 ac
945 2129 1076 2161 circiter
1091 2129 1317 2173 quadraginta
1339 2141 1379 2163 ex
1405 2132 1487 2164 civi-

196 2184 321 2216 tatibus
334 2183 500 2215 foederatis
508 2182 677 2215 Americes
694 2187 936 2219 numerantur;
951 2192 1093 2224 quarum
1108 2181 1180 2214 aliae
1195 2182 1238 2213 ad
1253 2182 1440 2227 Bombyces
1456 2190 1490 2215 et

197 2233 269 2265 aliae
288 2234 331 2264 ad
347 2233 600 2277 Platypterygcs
618 2242 720 2274 prope
734 2232 909 2264 accedunt.

1266 2600 1287 2630 (ἰ
