1763 3109
412 445 801 507 GEOMETR
819 447 884 504 ΖΕ
930 469 1165 504 Auctorum.

121 651 328 682 Characteres
343 646 479 678 familiae
498 661 503 675 2
524 646 623 678 larva:
652 657 707 682 10,
727 646 832 677 rarius
852 657 886 677 12
907 646 1049 688 pedibus
1069 651 1204 678 tantum
1221 647 1400 680 instructae.
1420 670 1459 674 —

162 702 328 733 Antennae
353 699 454 730 maris
482 699 586 730 modo
616 698 802 740 simplices,
839 699 941 730 modo
968 698 1043 740 plus
1074 699 1233 731 minusve
1264 700 1457 742 pectinatam

160 752 295 785 feminae
310 762 440 793 semper
462 750 661 783 setiformes.
682 750 779 792 Palpi
793 750 969 782 inferiores
985 762 1115 794 semper
1136 752 1343 784 occultantes
1361 764 1459 795 supe-

162 805 275 842 riores,
294 803 424 842 viHosi,
443 803 560 846 saepius
580 803 763 835 breviores.
797 803 867 834 Alae
892 803 1046 846 integrae,
1078 803 1192 836 minus
1220 805 1376 842 robustae,
1401 817 1461 847 pro

160 865 297 896 corpore
315 864 463 896 magnae,
482 864 541 895 per
558 853 707 894 quietem
728 852 972 889 horizontales‚
1000 853 1106 884 rarius
1129 854 1343 885 obtusissime
1363 855 1460 886 tecti-

161 906 286 939 formes
302 906 355 938 vel
374 912 499 937 crectae.

163 974 216 1012 Si,
238 974 447 1006 Noctuarum
464 973 599 1005 turbam
617 973 806 1011 tractando,
826 983 896 1003 non
910 972 1199 1004 dissimulavimus
1215 978 1348 1014 quantas
1364 974 1463 1005 nobis

118 1025 326 1058 difficultatis
340 1025 442 1057 fuerit
457 1025 583 1056 insecta
603 1024 638 1055 in
652 1023 772 1056 seriem
786 1023 986 1055 continuam
1002 1029 1036 1055 et
1050 1029 1179 1055 naturae
1196 1030 1460 1057 consentaneam

119 1079 308 1120 disponere,
322 1078 376 1110 hic
390 1078 487 1110 fateri
498 1077 660 1109 debemus
671 1076 870 1109 Geometras
884 1076 1082 1108 coordinare
1094 1076 1191 1108 nobis
1206 1077 1309 1120 longe
1326 1078 1463 1121 majoris

120 1130 328 1163 difficultatis
354 1141 438 1172 opus
470 1130 580 1163 visum
611 1128 727 1167 fuisse,
754 1134 788 1160 et
816 1139 937 1160 eorum
966 1139 1130 1171 generum
1163 1141 1383 1171 quaecumque
1409 1142 1461 1162 as-

121 1183 326 1226 sumpsimus
343 1188 402 1214 aut
425 1182 661 1215 constituimus
691 1181 727 1212 in
754 1181 813 1212 illa
841 1181 1009 1217 sectione,
1034 1180 1195 1222 pleraque
1214 1181 1325 1213 multo
1355 1183 1464 1225 magis

121 1236 226 1267 etiam
254 1235 410 1268 vacillare
437 1234 616 1277 superioris
651 1233 786 1265 familiae
820 1232 1027 1265 Generibus.
1046 1233 1094 1263 Ea
1124 1232 1318 1271 difficultas,
1345 1235 1462 1275 procul

121 1289 243 1327 dubio,
260 1294 335 1320 tum
360 1300 399 1320 ex
419 1288 629 1331 negligentia
657 1287 776 1324 oritur,
794 1286 873 1328 quia
894 1286 999 1329 longo
1019 1286 1180 1328 temporis
1198 1287 1306 1328 spatio
1322 1287 1382 1319 illa
1406 1288 1460 1319 in-

120 1349 208 1374 secta
227 1343 341 1374 minus
354 1342 537 1386 diligenter
549 1353 567 1372 a
582 1341 793 1383 superiorum
813 1344 950 1371 aetatum
967 1339 1160 1371 auctoribus
1176 1339 1347 1382 explorata
1361 1347 1460 1379 sunt·‚

120 1401 194 1427 tum
218 1406 258 1427 ex
287 1394 427 1438 penuria
450 1393 681 1425 characterum
705 1392 943 1435 organicorum
969 1402 1053 1433 quos
1088 1392 1233 1434 perfecta
1261 1394 1457 1425 ostendunt.

120 1447 251 1489 Itaque,
270 1452 449 1489 postquam
464 1446 574 1477 multa
589 1445 717 1488 experti
730 1444 858 1476 fuimus
874 1444 1056 1481 incassum,
1072 1450 1106 1476 et
1119 1444 1313 1486 frequenter
1324 1451 1462 1488 praeten—

119 1500 264 1533 tavimus
276 1524 284 1538 ,
302 1505 384 1531 tunc
397 1498 615 1530 solummodo
632 1523 639 1535 ,
658 1509 720 1530 nec
734 1497 806 1529 sine
826 1496 942 1528 labore
957 1522 964 1534 ‚
980 1497 1153 1539 potuimus
1169 1498 1293 1540 species
1306 1498 1341 1530 in
1358 1510 1459 1540 quos-

117 1553 196 1584 dam
212 1540 330 1596 greges
344 1562 479 1594 cogere,
499 1562 582 1592 quos
601 1562 725 1594 genera
746 1549 1012 1582 nominavimus.
1034 1550 1162 1583 Verum
1178 1550 1270 1582 haud
1282 1551 1457 1593 potuimus

115 1615 315 1637 communes
338 1604 543 1636 characteres
561 1604 722 1646 reperire,
744 1609 781 1635 ut
810 1603 844 1633 in
873 1602 940 1635 illis
970 1602 1144 1644 Primarias
1174 1603 1338 1636 sectiones
1352 1630 1359 1642 ,
1388 1604 1455 1636 alio

115 1657 219 1689 verbo
242 1656 383 1692 Tribus,
402 1656 693 1688 constitueremus.

160 1709 237 1740 DD.
255 1708 467 1747 Treitsclike,
491 1708 674 1750 Stephens‚
693 1708 822 1744 Curtis,
845 1714 879 1739 et
899 1707 1064 1739 recentius
1082 1707 1303 1750 Duponchel⁷
1324 1708 1456 1741 labores

115 1761 357 1805 synonymiam
380 1761 481 1805 hujus
508 1761 788 1794 Heterocerorum
807 1761 909 1803 partis
925 1772 995 1793 non
1012 1761 1227 1795 mediocriter
1239 1763 1376 1804 quidem
1396 1774 1453 1795 ex-

114 1814 332 1847 tricaverunt.
350 1816 418 1847 Sed
430 1815 540 1847 dicere
555 1827 597 1847 ne
613 1825 801 1853 vereamur,
811 1827 929 1847 eorum
944 1816 1094 1847 virorum
1110 1816 1361 1848 ordinationem
1371 1818 1455 1849 dun-

115 1872 207 1899 taxat
221 1868 415 1901 inchoatam
431 1874 464 1900 et
477 1869 715 1901 adumbratam
735 1880 805 1900 rem
825 1879 913 1906 esse,
932 1874 969 1900 ut
988 1869 1095 1900 multa
1115 1868 1347 1901 desiderentur
1364 1884 1370 1900 :
1393 1881 1454 1901 nos

114 1925 229 1952 tamen
246 1921 337 1952 haud
353 1920 558 1953 confidimus
574 1922 685 1953 multo
701 1921 811 1965 majus
832 1921 991 1953 effecisse.
1014 1920 1205 1953 Utilitatem
1220 1921 1369 1963 cepimus
1382 1934 1454 1955 non

115 1972 227 2003 minus
242 1984 281 2004 ex
296 1972 535 2005 collationibus
551 1984 634 2015 quas
650 1973 701 2004 illi
716 1972 858 2005 feliciter
871 1973 1088 2010 invenerunt,
1104 1984 1206 2014 quam
1227 1984 1266 2005 ex
1285 1974 1453 2007 erroribus

114 2025 173 2066 qui
194 2024 300 2064 (absit
317 2025 419 2057 verbo
434 2026 578 2064 invidia)
593 2026 661 2058 illis
680 2027 888 2058 exciderunt.
911 2027 962 2058 Ita
980 2026 1160 2067 opinamur
1179 2037 1240 2058 nos
1258 2027 1451 2059 universam

113 2076 407 2109 classificationem
420 2077 596 2119 aliquanto
610 2079 646 2110 in
662 2079 785 2110 melius
797 2079 1041 2116 emendavisse,
1052 2079 1111 2109 sed
1119 2084 1232 2110 noster
1242 2078 1337 2110 labor
1353 2079 1452 2111 nobis

112 2129 232 2162 tandiu
241 2129 648 2172 videbiturimperfectus,
658 2133 766 2163 donec
779 2132 960 2174 diligenter
974 2130 1151 2172 exploratae
1165 2131 1452 2174 metamorphoses

112 2181 184 2224 ejus
201 2181 367 2213 rationem
383 2182 690 2223 comprobaverint.

158 2234 457 2266 Animadvertetur
471 2234 590 2273 etiam,
612 2241 645 2267 ot
672 2235 810 2267 fortasse
832 2236 954 2277 aliquis
984 2235 1141 2267 nonnihil
1160 2236 1348 2274 mirabitur,
1369 2247 1445 2273 nos,

112 2287 254 2318 audaces
269 2292 464 2325 novatores,
486 2299 604 2319 omncs
620 2288 745 2330 specics
761 2288 954 2320 ordinando
967 2314 974 2325 ‚
994 2288 1162 2329 quaslibet
1180 2300 1289 2327 voces⁷
1308 2300 1366 2321 seu
1387 2300 1448 2320 an-

110 2344 222 2370 tennae
240 2338 408 2381 simplices
420 2340 505 2378 sint,
521 2352 578 2371 scu
592 2341 667 2381 plus
680 2341 837 2373 minusve
856 2340 1048 2383 pectinatae,
1070 2341 1207 2386 syllabis
1227 2345 1297 2372 aria
1316 2341 1447 2373 unifor-

114 2392 211 2424 miter
229 2393 472 2425 terminavissc.
491 2393 731 2436 Quodquidcm
746 2395 976 2426 necessitatem
993 2394 1128 2426 induxit
1140 2394 1280 2426 nomina
1294 2395 1447 2435 quaedam

109 2445 283 2483 mutandi;
302 2446 359 2477 scd
376 2445 496 2477 rectius
510 2458 628 2477 omnes
651 2447 840 2478 Geometrae
863 2446 897 2478 in
917 2446 1129 2479 consimilem
1147 2447 1253 2479 finem
1271 2446 1441 2484 desinent,

112 2503 147 2529 ut
168 2498 361 2542 Pyralides,
384 2498 587 2531 Tortricidcs
607 2506 639 2532 ct
661 2499 832 2532 Tineidcs.

1211 2584 1254 2618 12
