1857 3088
258 597 669 647 PRAEMoNlTUM
708 596 1341 645 LEPIDolvl‘lilztwnlms,

187 996 302 1038 Ante
334 997 409 1037 hos
448 996 645 1038 undecim
667 1012 824 1041 annos,
848 995 1042 1037 libellum
1075 998 1117 1035 in
1147 994 1363 1050 publicam
1387 993 1457 1035 lu-

130 1084 218 1110 rem
253 1068 393 1116 edidi,
433 1072 499 1110 cui
534 1070 687 1110 titulus
717 1078 780 1110 est
814 1086 819 1105 :
849 1068 994 1109 Index
1014 1067 1306 1108 flletlzodicus.
1334 1067 1458 1107 Hunc

129 1141 244 1197 apud
283 1145 343 1183 rei
386 1145 621 1183 insectoriae
665 1141 876 1183 studiosos
919 1142 1103 1197 benigna
1142 1141 1458 1181 existimatione

129 1222 351 1272 acceptum
368 1249 376 1265 ‚
398 1214 612 1271 pleraeque
640 1217 683 1255 in
707 1215 883 1271 Europa·
902 1213 1191 1255 collectiones,
1223 1220 1271 1253 ut
1291 1210 1458 1253 ordina-

133 1294 294 1333 rentur,
314 1286 466 1328 (lucem
479 1296 521 1328 et
539 1294 757 1328 auctorem
778 1294 930 1328 secutae
956 1293 1070 1327 sunt.
1094 1286 1195 1327 Post
1209 1283 1253 1325 id
1272 1293 1455 1339 tempus,

134 1366 223 1398 tum
248 1373 379 1399 novas
408 1361 591 1415 species,
621 1357 778 1399 multas
809 1372 1015 1409 numero,
1036 1373 1137 1399 usus
1158 1359 1340 1414 reperit3
1366 1363 1459 1396 tum

130 1429 285 1471 multas
297 1433 447 1476 etiam,
471 1433 826 1488 veterijamaetati
841 1434 1035 1489 cognitas
1046 1429 1319 1487 diligentiori
1339 1443 1455 1470 cura.

132 1504 484 1559 investigatorum
521 1501 640 1544 labor
672 1502 881 1560 dispexit,
919 1511 968 1543 ut
1001 1501 1171 1544 libellus
1211 1501 1282 1542 ille
1314 1508 1460 1542 noster

129 1573 344 1615 hodiernae
361 1577 547 1616 scientiae
563 1589 650 1617 non
672 1575 943 1633 respondeat.

178 1646 450 1704 Frequenter
475 1656 621 1689 autem
657 1656 832 1705 rogatus
872 1663 966 1689 sum
1015 1655 1064 1688 ut
1094 1647 1225 1688 altera
1269 1645 1459 1687 editione

129 1718 384 1775 opusculum
415 1722 557 1776 ipsum
594 1720 884 1776 publicarem,
913 1723 964 1761 iis
1002 1717 1302 1760 tantummodo
1330 1718 1458 1759 rebus

122 1799 297 1833 auctum
314 1824 325 1844 ‚
345 1807 441 1849 quae
460 1794 691 1834 novissime
710 1795 895 1834 inventae
910 1799 1192 1834 accesserunt.
1213 1789 1298 1833 Sed
1319 1805 1457 1847 quum

123 1867 294 1922 majoris
315 1864 510 1921 quaedam
543 1865 957 1922 comprehensionis,
989 1866 1242 1921 altiorisque
1275 1866 1454 1904 investi-

123 1939 321 1990 gationis,
341 1953 435 1995 quae
454 1937 508 1978 ad
524 1940 724 1980 universa
744 1937 1033 1995 Lepidoptera
1049 1944 1266 1994 spectant,
1287 1950 1455 1994 praepa-

127 2012 307 2051 raverim
322 2044 330 2058 ‚
354 2010 455 2052 inde
473 2014 713 2052 existimavi
736 2013 886 2052 utilius
907 2010 997 2053 fore
1015 2013 1049 2052 si
1068 2010 1231 2052 GENERA
1259 2008 1427 2051 ederem
1446 2044 1452 2054 .

125 2096 255 2138 quam
275 2084 309 2123 si
326 2082 555 2140 Europaeas
580 2086 741 2140 species
766 2084 1008 2126 methodica
1036 2085 1358 2125 enumeratione
1376 2116 1384 2129 ‚
1408 2091 1457 2123 ut

127 2157 264 2210 prius,
295 2169 556 2196 recenserem
578 2164 619 2196 et
639 2155 872 2198 lectoribus
893 2157 1151 2198 exhiberem.

182 2226 373 2269 Omnino
402 2231 537 2284 igitur
563 2243 699 2271 novus
730 2238 792 2271 est
814 2246 944 2287 quem
974 2245 1170 2287 propono
1206 2229 1328 2277 liber,
1352 2244 1454 2270 con—

126 2303 322 2358 tinetque
336 2301 635 2349 Fatniliarum,
654 2303 872 2344 Tribuum
887 2310 929 2344 et
942 2302 1163 2345 Generum
1174 2303 1453 2354 characteres‚

125 2371 328 2429 adjuncta
346 2373 541 2431 diagnosi
560 2408 567 2421 ,
595 2390 690 2432 quae
710 2373 764 2416 ad
793 2378 1051 2417 recentiores
1075 2379 1234 2434 species
1250 2378 1453 2431 pertinet.

126 2444 246 2486 Sicut
278 2449 319 2487 in
353 2448 544 2503 catalogo
574 2464 704 2505 quem
736 2448 1139 2491 MDCCCXXVIII
1171 2464 1284 2490 anno
1317 2448 1458 2506 publi--

126 2519 241 2564 ravi,
297 2520 472 2559 exoticis
514 2519 712 2561 tribubus
752 2521 1068 2577 generibusque
1100 2537 1247 2562 rursus
1285 2536 1458 2562 manum
